
@article
{1,
	author={Grytczuk, J. A. and Haluszczak, M. and Kierstead, H. A.},
	title={On-line {R}amsey {T}heory},
	journal={Electronic Journal of Combinatorics 11},
	year=2004
}

@article
{2,
	author={Sarka Petrickova},
	title={Online {R}amsey {T}heory for {P}lanar {G}raphs},
	journal={Electronic Journal of Combinatorics 21},
	year=2014
}

@phdthesis
{3,
	
	author={Hojin Choi},
	title={On online Ramsey theory
	},
	school={Department of Mathematical Sciences, KAIST, Daejeon, Republic of Korea},
	year=2015
}

@article
{4,
	author={Hojin Choi and Ilkyoo Choi and Jisu Jeong and Sang‐il Oum },
	title={Online {R}amsey theory for a triangle on {F}‐free graphs},
	journal={Journal of Graph Theory},
	year=2019
}

@article
{5,
	author={Przemysław Gordinowicz and Paweł Prałat},
	title={SMALL {O}N-LINE {R}AMSEY {N}UMBERS — {A} {N}EW {A}PPROACH},
	journal={},
	year=2018
}
