@article
{1,
	author={Grytczuk, J.A. and Ha\l{}uszczak, M. and Kierstead, H. A,},
	title={On-line Ramsey Theory},
	journal={Faculty of Mathematics, Computer Science and Econometrics, University of Zielona Góra},
	year=2004
}

@article
{2,
	author={Petříčková, Šárka},
	title={Online Ramsey Theory for Planar Graphs},
	journal={Department of Mathematics, University of West Bohemia},
	year=2014
}

@article
{3,
	
	author={ Choi, Hojin and
	Choi, Ilkyooand Jeong, Jisu and
	Oum, Sang‐il
	},
	title={Online Ramsey theory for a triangle on $F$‐free
	graphs
	},
	journal={Journal of Graph Theory},
	year=2019
}

@mastersthesis
{4,
	
	author={Pavel Dvořák
	},
	title={Online Ramsey Theory
	},
	school={Charles University},
	year=2015
}

@article
{5,
	
	author={ Choi, Hojin and
	Choi, Ilkyooand Jeong, Jisu and
	Oum, Sang‐il
	},
	title={Online Ramsey theory for a triangle on $F$‐free
	graphs
	},
	journal={Journal of Graph Theory},
	year=2019
}

@article{7,
	author={ Friedgut, E. and Kohayakawa, Y. and Rödl, V. and Ruciński, A. and Tetali, P. },
	title={Ramsey games against one-armed bandit},
	journal={Combinatorial Probability Computing},
	year=2013
}

@unpublished
{
6,
author  = {Petříčková, Šárka},
title   = {Online Ramsey Games on Planar Graphs},
year    = {2014},
note    = {Unpublished. Slide presentation. https://faculty.math.illinois.edu/$\sim$mlavrov/seminar/2014-petrickova.pdf},
}

